@article{shor1999polynomial,
    title={Polynomial-time algorithms for prime factorization and discrete
        logarithms on a quantum computer},
    author={Shor, Peter W},
    journal={SIAM review},
    volume={41},
    number={2},
    pages={303--332},
    year={1999},
    publisher={SIAM}
}

@book{garey1990npc,
    author = {Garey, Michael R. and Johnson, David S.},
    title = {Computers and Intractability; A Guide to the Theory of
        NP-Completeness},
    year = {1990},
    isbn = {0716710455},
    publisher = {W. H. Freeman \& Co.},
    address = {New York, NY, USA},
}

@misc{patarin1997ov,
    author = {Patarin, J.},
    title = {{The Oil and Vinegar Algorithm for Signatures}},
    year = {1997},
    month = sep,
    howpublished = {{Dagstuhl Seminar 9739}},
    url = {https://www.dagstuhl.de/9739},
}

@inproceedings{kipnis1998cryptanalysis,
    title={Cryptanalysis of the oil and vinegar signature scheme},
    author={Kipnis, Aviad and Shamir, Adi},
    booktitle={Annual International Cryptology Conference},
    pages={257--266},
    year={1998},
    organization={Springer}
}

@inproceedings{kipnis1999unbalanced,
    title={Unbalanced oil and vinegar signature schemes},
    author={Kipnis, Aviad and Patarin, Jacques and Goubin, Louis},
    booktitle={International Conference on the Theory and Applications of
        Cryptographic Techniques},
    pages={206--222},
    year={1999},
    organization={Springer}
}
